@misc{ref1,
  title        = {Déroulement},
  year         = {2017},
  howpublished = {\url{https://www.wimi-teamwork.com/fr/blog/sprint-planning-agile/}},
  note         = {\textbf{(consulté le 22/03/2023)}}
} 

@misc{ref2,
  title        = {Équipe Scrum},
  year         = {},
  howpublished = {\url{https://www.ideematic.com/actualites/2015/01/methodes-agiles-definition/}},
  note         = {\textbf{(consulté le 25/03/2023)}}
}

@misc{ref3,
  title        = {Réunion},
  year         = {},
  howpublished = {\url{https://www.4tempsdumanagement.com/2-56-Le-Scrum-une-methode-pour-optimiser-l-action-collective_a7698.html}},
  note         = {\textbf{(consulté le 22/03/2023)}}
}

@misc{ref4,
  title        = {Modélisation},
  year         = {},
  howpublished = {Livre : UML2\_ModeliserAppliWeb},
  note         = {\textbf{(consulté le 12/04/2023)}}
}

@misc{ref5,
  title        = {Comparaison monolithique et client-serveur},
  year         = {},
  howpublished = {\url{https://www.processmaker.com/}},
  note         = {\textbf{(consulté le 25/03/2023)}}
}

@misc{ref6,
  title        = {AgilePrincipe},
  year         = {},
  howpublished = {\url{https://scrum-league.org/tribune/la-culture-agile/les-12-principes-generaux-du-manifeste-agile/}},
  note         = {\textbf{(consulté le 22/03/2023)}}
}

